@Article{Angrist2022,
  author       = {Joshua D. Angrist and Brigham Frandsen},
  date         = {2022},
  journaltitle = {Journal of Labor Economics},
  title        = {Machine Labor},
  doi          = {10.1086/717933},
  number       = {S1},
  pages        = {97--140},
  volume       = {40},
}

@Comment{jabref-meta: databaseType:biblatex;}
